1115431114014210021513254703331311732516725732141124002430302020113443256101027251653230101677452344
4223113346442433253103224630123523655657020306660001217202426022211513332624624271000001201541116735
1547703440767765061433756451543445356550666647770002111352426241645153331764265133635007561541111360
1553226667076056774775715034520253666652774637660002126434244064606663335570776101665556571541117712
7441631212724127145336034034534025743421112322430007341607426111116432606434547703175425503731524515
3755654025544254256257764151532336657152521344230103540112712441117511355640212224256103467462141653
3574344404075775722667035664664043476015254776661115076601742601116727445635667006035646776415450647
2104611172317504105243040502410225523252463051710660322013572552242555200360315020005170306120034660
0712020226707562103262430750235451166240450531632045252065627210251345712121550355114344337704356212
7234121510422632623032552227623026665247037033034415033306633315323222442100004323222725222226412622
5067361555634654641756262223351756666354543746651540340637364145301343357660034652322275142224611442
6576071515160776245710772221406476666775714700655155450663776662664665775573335603327274662224166160
3310120431016550741423115215655717660002315271713337006662725510202216547230425043115010305550006723
3113132557556554114711136540650762260055136041663330076677556152722114064666355042220152225550002160
7772774777076567072773130630066152775552553126773337707777116617706665775171777773136663035550000171
6133342747433701721245127343427302203010241160012151121551314723625106641102011207063505416747000511
7353152120324440173774352254206625070363432230031210277300316514042465073513310223535257557224251057
3421443321402222243734024220103732226425334111126536444512430005503210674640432530626016615136325221
0517150441432225457554364421207332224125241431520467566152312200700355136442167357546700442074155445
4537571664032227773756776662127732226774023432555777756644550227755774224666772773167170166040714254
0116005232502717250001744624230102536115532235220747225532113315637542220141522646234632650151106132
3736002635222742667706365545144427251110445356550742773443121221742563236560666247716245417363316551
7076066650504015170774700260354120376663507776620742270772333006706733325773771166550326776750303166
0014413220043113435311046465502403103262163642125530511033703620010064223110672330140522120113026232
6250144502346022027354372101144062117507005127622421024365310366103736613601213303366757101212547541
4447745736225726444445645445441411423325754313330521204002662117441100503114642625331447427065256665
4444474266715347704442765453350550572157365144345726550547524402364403531112336623353250353362726660
4447446707710716074444577777774776335666130354347706774557572556700145033336772625355661667707756661
1235244646030005704440121114446125542614120424132407533120311210602725036636524440003621115641421003
4041707263155000554444764416445657266605667466722025352737735050667753564401464660077123315743651106
3666337275165557074446741446666216700120776276744403771771072660605526773775776467776371336177407771
4442141720041300453006030410776201104201110531516332010405153336205045026523661510120473463453603132
5010330653241042311667012242001022206150603602141267130225306606504670620375140115306232033110241276
6652313336756753325347334435515536034724137641120320516042207445523536132314434413015503225114632221
6553426667416157043056466153034246647044553153326651564550024665256655264062557004135003327552657744
5651403366457714724664705261053103040722776575555136776606667672223564776773661774406666667715407444
3402233027332111721117100004644220501325727431112114022202336433311741315750107324446641337253122424
3403644153730723461552350115354224046603402241114225653300761646140253417770512735554740240252612543
7776646707737706075516441106364425545776117371114143617776720774606304345555152374456774777703665450
3156730306031012350762433320007267030574163527732207333142155046114341432721410200354554045410701366
0356224703170620504457726073203164530466747557327301226405243464070753162370146426017136420304500347
7115104436647443535743524224446644073015333303001011023701322023303612205557425646662133436754131111
5545526611715054347417724504447712356763351243007534733663053444003612005552442656773214442655761414
4700212777747075547155130554444716215575354660335376555755663664430772005557274267674443332776274447
7034643056110327623524622742004306610701423301006321713225410023132300555534671624031117750007657432
1560653051666152667765103660025162120443060700117157442336300227553206066310530570032120260007567660
6570657771167347276016774730226776127476773776660141747775464447170237776771223454341226130007565104
0011544327300325673126220431171622436130660345742655525407515110050134150331166325404703200250633003
2332733260454513025110030031252741751763602315202272141663304053024302001427133534365456304016212112
6630006002461721421323521221711004122540004632434130101113426157625126663333337323104404445235342713
6330000767264653053502335515752722644750336450723761541117416450367606663445354145136005554703244056
6330006777740436775775526660077716777723035234736745541113074161734736664433552375056646665745256322
3212217431113222504721436036665745336315012302551304120005712501762406160020655423437655224325324334
7051127431114433531532574616667564541760223661360014650666041376164355513634620142043464546644074644
4664444731112342506506104776666231157731551776773315606063226547715667776625775771771705001236016631
6050112403010023640205422610412145234006001234300641776414031645742273161014065263235307403201254570
4171151156620336147654711044146104510614021122433211404150035110301047255622244010110474066400206510
3221743474730005551617324723123637634626536653516026317327771323336013323506223225427337426224646415
3527661253440005551163215741237766321357620352462442754157773123331761247613001130177336612220264616
5355056003770005556617175104447227275065376306776604605707776663337074556746360446357735076661776143
5231710713732116224331520000706656450717521115540002224442510415652010400622620630531412431433615633
3547774667146002665414620117735736542162331777540042224444561760061550045525650332650405607266356241
5241114711746262265775461010337377776275077714774442224446776477772770446776006606776666776475010773
1101120224564262203330411711000023520460244041745307114207007123630655450117206462426312463134204537
6333241131207365250313110212464375742441632053104253115035464310622321700026405144000206372154511032
3133133554626235321421112435121205745753437773616667446204227654633540313334532323724041313121116323
1137746765071656705662212336452112765754667775566664470020751266647564136367427637232653534571151251
7774717371535034160772212440630026507577777772776667476265474071136474666635716077005265516005555365
1303543727756137415755714530503212215551710015543440110004721635642315502521105551012113636642324440
1227216455571334146761154150115756505557176656643432330445152362766233335550405554425255157732235540
3306701605756611776577752775150745615551175610775552664404702774571060052224145552777776160553325544
7326406301212311550420064434012202554204275573414343440043721304762114544375310347711125425626442020
4454172030521471607273051310706104702103302373115513021202311220324053215143701235225405672031510114
6107774511721216766723542624110602106632605241437773101507771646330325121715322505445523335156437430
1637770507667220063517762553546442134554154654537772754157777766632534530636162655656363333464701544
6037774151277710770446516560530643554123776261557775474667770557770550776370770666643773336776725072
4415115731710424424444031215536742303111435202710103332225447431114232223623033623542016522022427430
1412333253741762704471547721736430236635740521251713332555445343532347773017753623726572036764240557
1412050714036477707775662177177374446135700525077703335255455175537777226777503265473445367072422744
1725224206556503303227205743101220341375354462206345225245126602204023021357411413013334153565034135
